<collection xmlns="http://www.loc.gov/MARC21/slim">
<record>
  <leader>01227nam0a2200277 i 450 </leader>
  <controlfield tag="001">IT\ICCU\CNCE\002762</controlfield>
  <controlfield tag="005">20091105000000.0</controlfield>
  <datafield tag="012" ind1=" " ind2=" ">
    <subfield code="a">o.no O.e, a.ia OlCh (3) 1568 (R)</subfield>
    <subfield code="2">fei</subfield>
  </datafield>
  <datafield tag="100" ind1=" " ind2=" ">
    <subfield code="a">19970101d1568        0itac0103    ba</subfield>
  </datafield>
  <datafield tag="101" ind1=" " ind2=" ">
    <subfield code="a">ITA</subfield>
  </datafield>
  <datafield tag="102" ind1=" " ind2=" ">
    <subfield code="a">IT</subfield>
  </datafield>
  <datafield tag="200" ind1="1" ind2=" ">
    <subfield code="a">Orlando furioso di messer Lodouico Ariosto, et cinque canti d&apos;un nuouo libro del medesimo</subfield>
  </datafield>
  <datafield tag="210" ind1=" " ind2=" ">
    <subfield code="a">In Venetia</subfield>
    <subfield code="c">\Stefano Zazzera!</subfield>
    <subfield code="d">1568</subfield>
  </datafield>
  <datafield tag="215" ind1=" " ind2=" ">
    <subfield code="a">258, \5!, 31 c.</subfield>
    <subfield code="c">ill.</subfield>
    <subfield code="d">4ʻ</subfield>
  </datafield>
  <datafield tag="300" ind1=" " ind2=" ">
    <subfield code="a">Il front. dei Cinque canti reca la data del 1563 probabilmente erronea</subfield>
  </datafield>
  <datafield tag="620" ind1=" " ind2=" ">
    <subfield code="a">IT</subfield>
    <subfield code="d">Venezia</subfield>
  </datafield>
  <datafield tag="700" ind1=" " ind2="1">
    <subfield code="a">Ariosto,</subfield>
    <subfield code="b">Ludovico</subfield>
    <subfield code="3">IT\ICCU\CNCA\000866</subfield>
  </datafield>
  <datafield tag="712" ind1="0" ind2="0">
    <subfield code="a">Zazzera, Stefano</subfield>
    <subfield code="3">IT\ICCU\CNCT\000593</subfield>
    <subfield code="4">650</subfield>
  </datafield>
  <datafield tag="791" ind1="0" ind2="0">
    <subfield code="a">Zacera, Stefano</subfield>
    <subfield code="3">IT\ICCU\CNCT\002956</subfield>
    <subfield code="z">Zazzera, Stefano</subfield>
  </datafield>
  <datafield tag="791" ind1="0" ind2="0">
    <subfield code="a">Zazzara, Stefano</subfield>
    <subfield code="3">IT\ICCU\CNCT\004183</subfield>
    <subfield code="z">Zazzera, Stefano</subfield>
  </datafield>
  <datafield tag="791" ind1="0" ind2="0">
    <subfield code="a">Zazzeri, Stefano di</subfield>
    <subfield code="3">IT\ICCU\CNCT\005820</subfield>
    <subfield code="z">Zazzera, Stefano</subfield>
  </datafield>
  <datafield tag="801" ind1=" " ind2="3">
    <subfield code="a">IT</subfield>
    <subfield code="b">ICCU</subfield>
    <subfield code="c">20201113</subfield>
  </datafield>
  <datafield tag="899" ind1=" " ind2=" ">
    <subfield code="a">Biblioteca comunale Ariostea. Ferrara</subfield>
    <subfield code="1">FE0017</subfield>
    <subfield code="2">UFE AR</subfield>
  </datafield>
  <datafield tag="899" ind1=" " ind2=" ">
    <subfield code="a">Nuova biblioteca pubblica Luigi Fumi. Orvieto</subfield>
    <subfield code="1">TR0022</subfield>
    <subfield code="2">UM1 06</subfield>
  </datafield>
  <datafield tag="911" ind1=" " ind2=" ">
    <subfield code="a">Sui front.</subfield>
    <subfield code="9">IT\ICCU\CNCM\001518</subfield>
  </datafield>
  <datafield tag="921" ind1=" " ind2=" ">
    <subfield code="a">IT\ICCU\CNCM\001518</subfield>
    <subfield code="b">Vite con grappoli d&apos;uva.</subfield>
    <subfield code="c">Q36</subfield>
    <subfield code="c">Z1208</subfield>
    <subfield code="d">Dimensioni: 5 x 7</subfield>
    <subfield code="f">VITE</subfield>
    <subfield code="f">UVA</subfield>
    <subfield code="g">1542-1568</subfield>
  </datafield>
</record>
</collection>
